
@book{eibenIntroductionEvolutionaryComputing2015,
  title = {Introduction to {{Evolutionary Computing}}},
  author = {Eiben, A.E. and Smith, J.E.},
  date = {2015},
  series = {Natural {{Computing Series}}},
  publisher = {{Springer Berlin Heidelberg}},
  location = {{Berlin, Heidelberg}},
  doi = {10.1007/978-3-662-44874-8},
  url = {http://link.springer.com/10.1007/978-3-662-44874-8},
  urldate = {2020-06-16},
  isbn = {978-3-662-44873-1 978-3-662-44874-8},
  file = {/home/slarty/Zotero/storage/HZHNJW4R/Eiben a Smith - 2015 - Introduction to Evolutionary Computing.pdf}
}

@article{hadjiconstantinouHybridGeneticAlgorithm2007,
  title = {A Hybrid Genetic Algorithm for the Two-Dimensional Single Large Object Placement Problem},
  author = {Hadjiconstantinou, Eleni and Iori, Manuel},
  date = {2007-12},
  journaltitle = {European Journal of Operational Research},
  shortjournal = {European Journal of Operational Research},
  volume = {183},
  number = {3},
  pages = {1150--1166},
  issn = {03772217},
  doi = {10.1016/j.ejor.2005.11.061},
  url = {https://linkinghub.elsevier.com/retrieve/pii/S0377221706002967},
  urldate = {2021-10-24},
  langid = {english},
  file = {/home/slarty/Zotero/storage/ZT86YVKA/Hadjiconstantinou and Iori - 2007 - A hybrid genetic algorithm for the two-dimensional.pdf}
}

@article{kandasamyEffectiveLocationMicro2020,
  title = {Effective Location of Micro Joints and Generation of Tool Path Using Heuristic and Genetic Approach for Cutting Sheet Metal Parts},
  author = {Kandasamy, Vijay Anand and Udhayakumar, S.},
  date = {2020-03},
  journaltitle = {International Journal of Material Forming},
  shortjournal = {Int J Mater Form},
  volume = {13},
  number = {2},
  pages = {317--329},
  issn = {1960-6206, 1960-6214},
  doi = {10.1007/s12289-019-01488-1},
  url = {http://link.springer.com/10.1007/s12289-019-01488-1},
  urldate = {2021-10-30},
  langid = {english},
  file = {/home/slarty/Zotero/storage/9NB8SIC5/Kandasamy and Udhayakumar - 2020 - Effective location of micro joints and generation .pdf;/home/slarty/Zotero/storage/MVYUT579/Vypisky z Effective location of micro joints [...] od Kandasamy 2019.pdf}
}

@article{martinModelsTwoDimensional2020,
  title = {Models for the Two‐dimensional Rectangular Single Large Placement Problem with Guillotine Cuts and Constrained Pattern},
  author = {Martin, Mateus and Birgin, Ernesto G. and Lobato, Rafael D. and Morabito, Reinaldo and Munari, Pedro},
  date = {2020-03},
  journaltitle = {International Transactions in Operational Research},
  shortjournal = {Intl. Trans. in Op. Res.},
  volume = {27},
  number = {2},
  pages = {767--793},
  issn = {0969-6016, 1475-3995},
  doi = {10.1111/itor.12703},
  url = {https://onlinelibrary.wiley.com/doi/10.1111/itor.12703},
  urldate = {2021-10-25},
  langid = {english},
  file = {/home/slarty/Zotero/storage/HTHBPTGU/Martin et al. - 2020 - Models for the two‐dimensional rectangular single .pdf}
}

@article{vijayanandHeuristicGeneticApproach2015,
  title = {Heuristic and Genetic Approach for Nesting of Two-Dimensional Rectangular Shaped Parts with Common Cutting Edge Concept for Laser Cutting and Profile Blanking Processes},
  author = {Vijay Anand, K. and Ramesh Babu, A.},
  date = {2015-02},
  journaltitle = {Computers \& Industrial Engineering},
  shortjournal = {Computers \& Industrial Engineering},
  volume = {80},
  pages = {111--124},
  issn = {03608352},
  doi = {10.1016/j.cie.2014.11.018},
  url = {https://linkinghub.elsevier.com/retrieve/pii/S0360835214004069},
  urldate = {2021-10-30},
  langid = {english},
  file = {/home/slarty/Zotero/storage/492VDTVX/Vijay Anand and Ramesh Babu - 2015 - Heuristic and genetic approach for nesting of two-.pdf}
}


